@article{kiselyov:sharing,
  title={Implementing explicit and finding implicit sharing in embedded {DSL}s},
  author={Kiselyov, Oleg},
  journal={arXiv preprint arXiv:1109.0784},
  year={2011}
}
@inproceedings{gill:observablesharing,
  title={Type-safe observable sharing in {H}askell},
  author={Gill, Andy},
  booktitle={Proceedings of the 2nd ACM SIGPLAN symposium on Haskell},
  pages={117--128},
  year={2009}
}
@inproceedings{carette:finallytagless,
  title={Finally tagless, partially evaluated},
  author={Carette, Jacques and Kiselyov, Oleg and Shan, Chung-chieh},
  booktitle={Asian Symposium on Programming Languages and Systems},
  pages={222--238},
  year={2007},
  organization={Springer}
}
@article{ershov1958:consing,
  title={On programming of arithmetic operations},
  author={Ershov, Andrei P.},
  journal={Communications of the ACM},
  volume={1},
  number={8},
  pages={3--6},
  year={1958},
  publisher={ACM New York, NY, USA}
}
@inproceedings{filliatre:typesafeconsing,
  title={Type-safe modular hash-consing},
  author={Filli{\^a}tre, Jean-Christophe and Conchon, Sylvain},
  booktitle={Proceedings of the 2006 Workshop on ML},
  pages={12--19},
  year={2006}
}
@article{elliott:compilingembedded,
  title={Compiling embedded languages},
  author={Elliott, Conal and Finne, Sigbj{\o}rn and De Moor, Oege},
  journal={Journal of functional programming},
  volume={13},
  number={3},
  pages={455--481},
  year={2003},
  publisher={Cambridge University Press}
}
@mastersthesis{thai2021type,
  title={Type-Safe Modeling for Optimization},
  school={McMaster},
  author={Thai, Nhan},
  year={2021}
}

@incollection{odonnell:embedding,
  title={Embedding a hardware description language in {T}emplate {H}askell},
  author={Oâ€™Donnell, John T},
  booktitle={Domain-Specific Program Generation},
  pages={143--164},
  year={2004},
  publisher={Springer}
}
@inproceedings{jovanovic2014yin,
  title={Yin-Yang: Concealing the deep embedding of DSLs},
  author={Jovanovic, Vojin and Shaikhha, Amir and Stucki, Sandro and Nikolaev, Vladimir and Koch, Christoph and Odersky, Martin},
  booktitle={Proceedings of the 2014 International Conference on Generative Programming: Concepts and Experiences},
  pages={73--82},
  year={2014}
}

@inproceedings{svenningsson2013combining,
  title={Combining deep and shallow embedding for EDSL},
  author={Svenningsson, Josef and Axelsson, Emil},
  booktitle={Trends in Functional Programming: 13th International Symposium, TFP 2012, St. Andrews, UK, June 12-14, 2012, Revised Selected Papers 13},
  pages={21--36},
  year={2013},
  organization={Springer}
}

// TODO

@inproceedings{clements2001little,
  title={Little languages and their programming environments},
  author={Clements, John and Graunke, Paul and Krishnamurthi, Shriram and Felleisen, Matthias},
  booktitle={Proceedings of the Monterey Workshop on Engineering Automation for Software Intensive System Integration},
  pages={1},
  year={2001}
}

